@article{PerchTypes,
    author =       "Harsha Prahlad",
    title =        "Electroadhesive robots—wall climbing robots enabled by a novel, robust, and electrically controllable adhesion technology",
    journal =      "IEEE",
    year =         "2008",
    DOI =          "10.1109/ROBOT.2008.4543670"
}
@article{SCAMP,
    author =       "Morgan T. Pope",
    title =        "A Multimodal Robot for Perching and Climbing on Vertical Outdoor Surfaces",
    journal =      "IEEE",
    year =         "2016",
    DOI =          "10.1109/TRO.2016.2623346"
}
 
@article{microspines,
    author    = "Lussier Desbiens, Alexis
and Cutkosky, Mark R.",
    title     = "Landing and Perching on Vertical Surfaces with Microspines for Small Unmanned Air Vehicles",
    year      = "2009",
    journal   = "Journal of Intelligent and Robotic Systems",
    volume    = "57",
    number    = "1",
    issn="1573-0409",
    doi="10.1007/s10846-009-9377-z",
    url="https://doi.org/10.1007/s10846-009-9377-z"
}
@article {robobee,
	author = {Graule, M. A. and Chirarattananon, P. and Fuller, S. B. and Jafferis, N. T. and Ma, K. Y. and Spenko, M. and Kornbluh, R. and Wood, R. J.},
	title = {Perching and takeoff of a robotic insect on overhangs using switchable electrostatic adhesion},
	volume = {352},
	number = {6288},
	pages = {978--982},
	year = {2016},
	doi = {10.1126/science.aaf1092},
	publisher = {American Association for the Advancement of Science},
	issn = {0036-8075},
	URL = {http://science.sciencemag.org/content/352/6288/978},
	eprint = {http://science.sciencemag.org/content/352/6288/978.full.pdf},
	journal = {Science}
}

@ARTICLE{bird, 
author={C. E. Doyle and J. J. Bird and T. A. Isom and J. C. Kallman and D. F. Bareiss and D. J. Dunlop and R. J. King and J. J. Abbott and M. A. Minor}, 
journal={IEEE/ASME Transactions on Mechatronics}, 
title={An Avian-Inspired Passive Mechanism for Quadrotor Perching}, 
year={2013}, 
volume={18}, 
number={2}, 
pages={506-517}, 
doi={10.1109/TMECH.2012.2211081}, 
ISSN={1083-4435}, 
month={April},}

@inproceedings{insect,
 author = {Fukushima, Akihiko and Kawaguchi, Yoichiro},
 title = {Insect Leg Inspired Friction Attachment for Miniature Quadcopter},
 booktitle = {Proceedings of the 12th International Conference on Advances in Computer Entertainment Technology},
 series = {ACE '15},
 year = {2015},
 isbn = {978-1-4503-3852-3},
 location = {Iskandar, Malaysia},
 pages = {34:1--34:4},
 articleno = {34},
 numpages = {4},
 url = {http://doi.acm.org/10.1145/2832932.2832941},
 doi = {10.1145/2832932.2832941},
 acmid = {2832941},
 publisher = {ACM},
 address = {New York, NY, USA},
 keywords = {biomimetics, friction attachment, insect, quadcopter, quadrotor},
} 

@article{Hao,
    author =       "Hao Wang",
    title =        "Monopod Perching Quadrotor",
    journal =      "University of Bristol and University of the West of England",
    year =         "2016",
}

@Book{PID,
author = {Michael A. Johnson and Mohammad H.Moradi},
editor = {•},
title = {PID Control},
publisher = {Springer},
year = {2005},
OPTkey = {•},
OPTvolume = {•},
OPTnumber = {•},
OPTseries = {•},
OPTaddress = {London},
OPTedition = {•},
OPTmonth = {•},
OPTnote = {•},
OPTannote = {•}
}

@PhdThesis{geffect,
author = {Nita Darshini Nathan},
title = {The rotor wake in ground effect and its investigation in a wind tunnel},
school = {University of Glasgow},
year = {2010}
}
